ISA*00*          *00*          *ZZ*D00111         *ZZ*0055           *030603*1337*U*00401*000000121*0*T*:~
GS*HP*D00111*0055*20030603*1337*1210001*X*004010X091A1~
ST*835*0001~
BPR*I*316.00*C*CHK************20140630~
TRN*1*123456789*1386000134~
REF*EV*0055~
DTM*405*20030604~
N1*PR*Medicare~
N3*P.O. Box 30479~
N4*Lansing*MI*48909~
PER*CX**EM*providersupport@michigan.gov*TE*8002922550~
N1*PE*STEIN FRANK N MD*FI*111223333~
LX*1~
TS3*109876543*11*20031231*4*453.33~
CLP*137-420*1*601.50*451.50**MC*2345678901~
NM1*QC*1*CARTER*AARON****MR*44444444~
NM1*82*1*MEDICARE*CGS*N**MD*MC*109876543~
DTM*232*20140303~
DTM*233*20140328~
SVC*HC:3BFKS*0.00*0.00*023*1~
DTM*373*20140304~
REF*6R*123125012~
CAS*CO*97*0.00~
SVC*HC:G0154*150.00*0.00*551*4~
DTM*373*20140304~
REF*6R*123125031~
CAS*CO*05*-5.00~
CAS*CO*97*-145.00~
LQ*HE*N430~
SVC*HC:G0154*150.00*150.00*551*4~
DTM*373*20140311~
REF*6R*123125031~
SVC*HC:G0154*150.00*150.00*551*4~
DTM*373*20140318~
REF*6R*123125031~
SVC*HC:G0162*150.00*150.00*551*4~
DTM*373*20140325~
REF*6R*123125031~
SVC**1.50*1.50*551*4~
DTM*373*20140325~
REF*6R*123125041~
PLB*1111111112*20101231*IR:FEDER*135.00~
SE*41*0001~
GE*1*1210001~
IEA*1*000000121~